@Book{            Heath1998SCA,
  author        = {M.~Heath},
  title         = {Scientific Computing. An Introductory Survey},
  publisher     = {McGraw-Hill},
  year          = {1998},
  address       = {New York},
}

@Book{            Kelley2003SNE,
  author        = {C. T. Kelley},
  title         = {Solving Nonlinear Equations with Newton's Methods},
  publisher     = {SIAM},
  year          = {2003},
  address       = {Philadelphia},
}

@Book{            Griewank2000EDP,
  author        = {A.~Griewank},
  title         = {Evaluating Derivatives. Principles and Techniques of 
                   Algorithmic Differentiation},
  publisher     = {SIAM},
  year          = {2000},
  address       = {Philadelphia},
  series =       {Frontiers in Applied Mathematics},
  number =       {19},
}

@Book{            Golub1989MC,
  author        = {G. Golub and C. Van Loan},
  title         = {Matrix Computations},
  publisher     = {Johns Hopkins Universty Press},
  year          = {1989},
  address       = {Baltimore},
  series =       {Mathematical Science},
}

@article{ Wengert1964ASA,
  author = "R. Wengert",
  year = 1964,
  title = "A Simple Automatic Derivative Evaluation Program",
  journal = "Comm. ACM",
  volume = 7,
  number = 8,
  pages = "463--464",
  publisher = "",
}

@ARTICLE{ Saad1986Agm,
  author = "Y. Saad and M. Schultz",
  year = 1986,
  title = "GMRES: A generalized minimnal residual algorithm for solving nonsymmetric linear systems",
  journal = "SIAM J. Sci. Stat. Comput.",
  volume = 7,
  pages = "856--869",
  publisher = "",
}

@Book{            Aho1986CPT,
 author        = {A.~Aho and R.~Sethi and J.~Ullman},
 title         = {Compilers. {P}rinciples, Techniques, and Tools},
 publisher     = {Addison-Wesley},
 year          = {1986},
 address       = {Reading, MA},
}

@BOOK{ Muchnick1997ACD,
  author = "S. Muchnick",
  year = 1997,
  title = "Advanced Compiler Design and Implementation",
  publisher = "Morgan Kaufmann Publishers",
  address = "San Francisco",
  isbn = "1-55860-320-4"
}
